%% This BibTeX bibliography file was created using BibDesk.
%% https://bibdesk.sourceforge.io/

%% Created for Jochen Van Severen at 2023-12-14 00:53:35 +0100 


%% Saved with string encoding Unicode (UTF-8) 


@comment{jabref-meta: databaseType:biblatex;}

@inproceedings{GaneshEtAl2016,
  author = {Amal Ganesh and K.N. Shanil and C. Sunitha and A.M. Midhundas},
  title = {OpenERP/Odoo - An Open Source Concept to ERP Solution},
  booktitle = {2016 IEEE 6th International Conference on Advanced Computing (IACC)},
  pages = {112-116},
  year = {2016},
  doi = {10.1109/IACC.2016.30},
  bdsk-url-1 = {https://doi.org/10.1109/IACC.2016.30}}

}


@misc{odooExternalApi,
  author = {Odoo},
  title = {External API - Odoo 17.0 documentation},
  howpublished = {\url{https://www.odoo.com/documentation/17.0/developer/reference/external_api.html}},
  note = {[Accessed 13-12-2023]},
  year = {2023}
}


@misc{xmlrpcWhatXMLRPC,
  author = {XML-RPC},
  title = {What is XML-RPC},
  howpublished = {\url{http://xmlrpc.com/}},
  note = {[Accessed 13-12-2023]},
  year = {2023}
}


@INPROCEEDINGS{Zahra2022Systematic,
  author={Zahra, Husam Abu and Zein, Samer},
  booktitle={2022 International Symposium on Multidisciplinary Studies and Innovative Technologies (ISMSIT)}, 
  title={A Systematic Comparison Between Flutter and React Native from Automation Testing Perspective}, 
  year={2022},
  volume={},
  number={},
  pages={6-12},
  doi={10.1109/ISMSIT56059.2022.9932749}
}

@misc{ocaRestFramework2023,
  author = {Odoo Community Association},
  title = {OCA REST Frameworks: Modules for Interacting with Odoo using JSON and HTTP Requests},
  year = {2023},
  publisher = {GitHub},
  journal = {GitHub repository},
  howpublished = {\url{https://github.com/OCA/rest-framework}}
}

@misc{microsoftAzureFunctions,
	author = {ggailey777},
	title = {Azure Functions Scenarios --- learn.microsoft.com},
	howpublished = {\url{https://learn.microsoft.com/en-us/azure/azure-functions/functions-scenarios?pivots=programming-language-python}},
	year = {2023},
	note = {[Accessed 14-12-2023]},
}